@book{WLBriggs_VEHenson_SFMcCormick_2000a,
  author =      "W. L. Briggs and V. E. Henson and S. F. McCormick",
  title =       "A Multigrid Tutorial",
  publisher =   "SIAM Books",
  address =     "Philadelphia",
  year =        "2000",
  note =        "Second edition"
  }

@book{UTrottenberg_etal_2001a,
  author =      "U. Trottenberg and C. W. Oosterlee and A. Sch{\"u}ller",
  title =       "Multigrid",
  publisher =   "Academic Press",
  address =     "London",
  year =        "2001",
  }

@incollection{ABrandt_SFMcCormick_JWRuge_1984a,
  author =      "A. Brandt and S. F. McCormick and J. W. Ruge",
  title =       "Algebraic multigrid ({AMG}) for sparse matrix equations",
  booktitle =   "Sparsity and Its Applications",
  editor =      "D. J. Evans",
  publisher =   "Cambridge University Press",
  address =     "Cambridge",
  year =        "1984",
  pages =       "",
  }

@incollection{JWRuge_KStuben_1987a,
  author =      "J. W. Ruge and K. St{\"u}ben",
  title =       "Algebraic multigrid ({AMG})",
  booktitle =   "Multigrid Methods",
  series =      "Frontiers in Applied Mathematics",
  volume =      "3",
  editor =      "S. F. McCormick",
  publisher =   "SIAM",
  address =     "Philadelphia, PA",
  year =        "1987",
  pages =       "73--130",
  }

@incollection{KStuben_2001a,
  author = "K. St{\"u}ben",
  title = "An introduction to algebraic multigrid",
  editor = "U. Trottenberg and C. Oosterlee and A. Sch{\"u}ller",
  booktitle = "Multigrid",
  publisher = "Academic Press",
  address = "London",
  year = 2001,
  pages = "413--528",
}


@book {YSaad_2003a,
    AUTHOR = {Y. Saad},
     TITLE = {Iterative methods for sparse linear systems},
   EDITION = {Second},
 PUBLISHER = {Society for Industrial and Applied Mathematics},
   ADDRESS = {Philadelphia, PA},
      YEAR = {2003},
     PAGES = {xviii+528},
      ISBN = {0-89871-534-2},
   MRCLASS = {65-01 (65F10 65F50)},
  MRNUMBER = {MR1990645 (2004h:65002)},
MRREVIEWER = {Arnold Reusken},
}

@ARTICLE{Gazzola_etal_2020,
       author = {{Gazzola}, Silvia and {Kilmer}, Misha E. and {Nagy}, James G. and
         {Semerici}, Oguz and {Miller}, Eric L.},
        title = "{An Inner-Outer Iterative Method for Edge Preservation in Image Restoration and Reconstruction}",
      journal = {arXiv e-prints},
     keywords = {Mathematics - Numerical Analysis, 65F08, 65F10, 65F22},
         year = 2019,
        month = dec,
          eid = {arXiv:1912.13103},
        pages = {arXiv:1912.13103},
	}

@article {Kilmer_Hanson_Espanol_2007,
    AUTHOR = {Kilmer, Misha E. and Hansen, Per Christian and Espa\~{n}ol, Malena
              I.},
     TITLE = {A projection-based approach to general-form {T}ikhonov
              regularization},
   JOURNAL = {SIAM J. Sci. Comput.},
  FJOURNAL = {SIAM Journal on Scientific Computing},
    VOLUME = {29},
      YEAR = {2007},
    NUMBER = {1},
     PAGES = {315--330},
      ISSN = {1064-8275},
   MRCLASS = {65F22},
  MRNUMBER = {2285893},
MRREVIEWER = {Dario Fasino},
       DOI = {10.1137/050645592},
}

@book {Hansenbk,
    AUTHOR = {Hansen, Per Christian},
     TITLE = {Rank-deficient and discrete ill-posed problems},
    SERIES = {SIAM Monographs on Mathematical Modeling and Computation},
      NOTE = {Numerical aspects of linear inversion},
 PUBLISHER = {Society for Industrial and Applied Mathematics (SIAM),
              Philadelphia, PA},
      YEAR = {1998},
     PAGES = {xvi+247},
      ISBN = {0-89871-403-6},
   MRCLASS = {65F05 (65F10 65F20)},
  MRNUMBER = {1486577},
MRREVIEWER = {Jin Xi Zhao},
       DOI = {10.1137/1.9780898719697},
}

@book {CRVogel_2002a,
    AUTHOR = {Vogel, Curtis R.},
     TITLE = {Computational methods for inverse problems},
    SERIES = {Frontiers in Applied Mathematics},
    VOLUME = {23},
 PUBLISHER = {Society for Industrial and Applied Mathematics (SIAM),
              Philadelphia, PA},
      YEAR = {2002},
     PAGES = {xvi+183},
      ISBN = {0-89871-507-5},
   MRCLASS = {65-02 (65N21 65R32)},
  MRNUMBER = {1928831},
MRREVIEWER = {Volker H. Schulz},
       DOI = {10.1137/1.9780898717570},
}

@article {RARenaut_etal_2017,
    AUTHOR = {Renaut, Rosemary A. and Vatankhah, Saeed and Ardestani, Vahid
              E.},
     TITLE = {Hybrid and iteratively reweighted regularization by unbiased
              predictive risk and weighted {GCV} for projected systems},
   JOURNAL = {SIAM J. Sci. Comput.},
  FJOURNAL = {SIAM Journal on Scientific Computing},
    VOLUME = {39},
      YEAR = {2017},
    NUMBER = {2},
     PAGES = {B221--B243},
      ISSN = {1064-8275},
   MRCLASS = {65F22 (65F10 65F35 65R32)},
  MRNUMBER = {3621270},
MRREVIEWER = {Silvia Gazzola},
       DOI = {10.1137/15M1037925},
}

@article{REBank_CCDouglas_1985a,
  author =      "R. E. Bank and C. C. Douglas",
  title =       "Sharp estimates for multigrid rates of convergence with
                 general smoothing and acceleration",
  journal =     "SIAM J. Numer. Anal.",
  volume =      "22",
  year =        "1985",
  pages =       "617--633"
  }
